@article {Dirac243,
	author = {Dirac, P. A. M.},
	title = {The Quantum Theory of the Emission and Absorption of Radiation},
	volume = {114},
	number = {767},
	pages = {243--265},
	year = {1927},
	doi = {10.1098/rspa.1927.0039},
	publisher = {The Royal Society},
	issn = {0950-1207},
	URL = {http://rspa.royalsocietypublishing.org/content/114/767/243},
	eprint = {http://rspa.royalsocietypublishing.org/content/114/767/243.full.pdf},
	journal = {Proceedings of the Royal Society of London A: Mathematical, Physical and Engineering Sciences}
}
@BOOK{Bettini,
  author       = {Alessandro Bettini},
  title        = {Introduction to Elementary Particle Physics},
  year         = 2014,
  publisher    = {Cambridge University Press},
  edition      = 2,
}
@article{Carpenter:2013xra,
      author         = "Carpenter, Linda and DiFranzo, Anthony and Mulhearn,
                        Michael and Shimmin, Chase and Tulin, Sean and Whiteson,
                        Daniel",
      title          = "{Mono-Higgs-boson: A new collider probe of dark matter}",
      journal        = "Phys. Rev.",
      volume         = "D89",
      year           = "2014",
      number         = "7",
      pages          = "075017",
      doi            = "10.1103/PhysRevD.89.075017",
      eprint         = "1312.2592",
      archivePrefix  = "arXiv",
      primaryClass   = "hep-ph",
      SLACcitation   = "%%CITATION = ARXIV:1312.2592;%%"
}
